@article{ PFPAnIntro,
          author = "Kevin Hammond",
          title = "Parallel Functional Programming: An Introduction",
          year = "1994" }
@inbook{ clackBook,
        author = "Chris Clack",
        title = "Realisations for Non-Strict Languages",
        booktitle = "Research Directions in Parallel Functional Programming",
        chapter = "6",
        editor = "Kevin Hammond and Greg Michaelson",
        publisher = "Springer",
        year = "1999" }
@proceedings{ newG,
        author = "Lennart Augustsson and Thomas Johnsson",
        title = "Parallel Graph Reduction with the {$<\nu, G>\-Machine$}",
        year = "1989",
        booktitle = "Functional Programming Languages and Computer Architecture: 
            Fourth International Conference (London, UK)",
        publisher = "Addison Wesley" }
@proceedings{ GRIP,
        author = "SL Peyton Jones and C Clack and J Salkind",
        title = "GRIP: A High Performance Architecture for Parallel Graph Reduction",
        year = "1987",
        booktitle = "Functional Programming Languages and Computer Architecture: 
            Third International Conference (Portland, Oregon)",
        publisher = "Springer Verlag" }
@proceedings{ GRIPExp,
        author = "K Hammond and SL Peyton Jones",
        title = "Some Early Experiments on the GRIP Parallel Reducer",
        year = "1990",
        booktitle = "IFL'90: International Workshop on the Parallel Implementation of Functional
            Languages" }
@inproceedings{vGMachine,
 author = {Augustsson, Lennart and Johnsson, Thomas},
 title = {Parallel graph reduction with the (v , G)-machine},
 booktitle = {Proceedings of the fourth international conference on Functional 
    programming languages and computer architecture},
 series = {FPCA '89},
 year = {1989},
 isbn = {0-89791-328-0},
 location = {Imperial College, London, United Kingdom},
 pages = {202--213},
 numpages = {12},
 publisher = {ACM},
 address = {New York, NY, USA},
} 




